<?xml version='1.0' encoding='utf-8'?>
<record xmlns="http://www.loc.gov/MARC21/slim" xmlns:xsi="http://www.w3.org/2001/XMLSchema-instance">
  <leader>00000nas^a2200253^a^4500</leader>
  <controlfield tag="001">005123248</controlfield>
  <controlfield tag="005">20070816102414.0</controlfield>
  <controlfield tag="008">060220c20069999miuwr^n^^^^^^^0^^^a0eng^d</controlfield>
  <datafield tag="035" ind1=" " ind2=" ">
    <subfield code="a">(OCoLC)ocm64124596</subfield>
  </datafield>
  <datafield tag="040" ind1=" " ind2=" ">
    <subfield code="a">BEU</subfield>
    <subfield code="c">BEU</subfield>
  </datafield>
  <datafield tag="049" ind1=" " ind2=" ">
    <subfield code="a">BEUA</subfield>
  </datafield>
  <datafield tag="245" ind1="0" ind2="0">
    <subfield code="a">Ann Arbor business review.</subfield>
  </datafield>
  <datafield tag="246" ind1="1" ind2="7">
    <subfield code="a">Business review</subfield>
  </datafield>
  <datafield tag="260" ind1=" " ind2=" ">
    <subfield code="a">Ann Arbor, Mich. :</subfield>
    <subfield code="b">Ann Arbor Business Review,</subfield>
    <subfield code="c">2006-</subfield>
  </datafield>
  <datafield tag="300" ind1=" " ind2=" ">
    <subfield code="a">v. :</subfield>
    <subfield code="b">ill. (some col.) ;</subfield>
    <subfield code="c">36 cm.</subfield>
  </datafield>
  <datafield tag="310" ind1=" " ind2=" ">
    <subfield code="a">Weekly</subfield>
  </datafield>
  <datafield tag="362" ind1="0" ind2=" ">
    <subfield code="a">Vol. 4, issue 6 (Feb.9/15, 2006)-</subfield>
  </datafield>
  <datafield tag="500" ind1=" " ind2=" ">
    <subfield code="a">Title from caption.</subfield>
  </datafield>
  <datafield tag="650" ind1=" " ind2="0">
    <subfield code="a">Business</subfield>
    <subfield code="z">Michigan</subfield>
    <subfield code="z">Washtenaw County</subfield>
    <subfield code="v">Periodicals.</subfield>
  </datafield>
  <datafield tag="650" ind1=" " ind2="0">
    <subfield code="a">Business</subfield>
    <subfield code="z">Michigan</subfield>
    <subfield code="z">Livingston County</subfield>
    <subfield code="v">Periodicals.</subfield>
  </datafield>
  <datafield tag="651" ind1=" " ind2="0">
    <subfield code="a">Washtenaw County (Mich.)</subfield>
    <subfield code="x">Commerce</subfield>
    <subfield code="v">Periodicals.</subfield>
  </datafield>
  <datafield tag="651" ind1=" " ind2="0">
    <subfield code="a">Livingston County (Mich.)</subfield>
    <subfield code="x">Commerce</subfield>
    <subfield code="v">Periodicals.</subfield>
  </datafield>
  <datafield tag="780" ind1="0" ind2="0">
    <subfield code="t">Business review, Washtenaw Livingston</subfield>
    <subfield code="w">(OCoLC)56717106</subfield>
  </datafield>
  <datafield tag="852" ind1="8" ind2=" ">
    <subfield code="a">MiU-H</subfield>
    <subfield code="b">BENT</subfield>
    <subfield code="h">05118 Aa 2</subfield>
  </datafield>
  <datafield tag="997" ind1=" " ind2=" ">
    <subfield code="a">MARS</subfield>
  </datafield>
  <datafield tag="955" ind1=" " ind2=" ">
    <subfield code="b">BENT</subfield>
    <subfield code="p">5123248-10</subfield>
    <subfield code="z">v.4:no.6(2006:Feb. 09)</subfield>
  </datafield>
  <datafield tag="955" ind1=" " ind2=" ">
    <subfield code="b">BENT</subfield>
    <subfield code="p">5123248-100</subfield>
    <subfield code="z">v.4:no.15(2006:April 13)</subfield>
  </datafield>
  <datafield tag="955" ind1=" " ind2=" ">
    <subfield code="b">BENT</subfield>
    <subfield code="p">5123248-1070</subfield>
    <subfield code="z">v.6:no.2(2008:Jan. 10)</subfield>
  </datafield>
  <datafield tag="955" ind1=" " ind2=" ">
    <subfield code="b">BENT</subfield>
    <subfield code="p">5123248-1080</subfield>
    <subfield code="z">v.6:no.3(2008:Jan. 17)</subfield>
  </datafield>
  <datafield tag="955" ind1=" " ind2=" ">
    <subfield code="b">BENT</subfield>
    <subfield code="p">5123248-1090</subfield>
    <subfield code="z">v.6:no.4(2008:Jan. 24)</subfield>
  </datafield>
  <datafield tag="955" ind1=" " ind2=" ">
    <subfield code="b">BENT</subfield>
    <subfield code="p">5123248-110</subfield>
    <subfield code="z">v.4:no.16(2006:April 20)</subfield>
  </datafield>
  <datafield tag="955" ind1=" " ind2=" ">
    <subfield code="b">BENT</subfield>
    <subfield code="p">5123248-1100</subfield>
    <subfield code="z">v.6:no.5(2008:Jan. 31)</subfield>
  </datafield>
  <datafield tag="955" ind1=" " ind2=" ">
    <subfield code="b">BENT</subfield>
    <subfield code="p">5123248-1110</subfield>
    <subfield code="z">v.6:no.6(2008:Feb. 07)</subfield>
  </datafield>
  <datafield tag="955" ind1=" " ind2=" ">
    <subfield code="b">BENT</subfield>
    <subfield code="p">5123248-1120</subfield>
    <subfield code="z">v.6:no.7(2008:Feb. 14)</subfield>
  </datafield>
  <datafield tag="955" ind1=" " ind2=" ">
    <subfield code="b">BENT</subfield>
    <subfield code="p">5123248-1130</subfield>
    <subfield code="z">v.6:no.8(2008:Feb. 21)</subfield>
  </datafield>
  <datafield tag="955" ind1=" " ind2=" ">
    <subfield code="b">BENT</subfield>
    <subfield code="p">5123248-1140</subfield>
    <subfield code="z">v.6:no.9(2008:Feb. 28)</subfield>
  </datafield>
  <datafield tag="955" ind1=" " ind2=" ">
    <subfield code="b">BENT</subfield>
    <subfield code="p">5123248-1150</subfield>
    <subfield code="z">v.6:no.10(2008:Mar. 06)</subfield>
  </datafield>
  <datafield tag="955" ind1=" " ind2=" ">
    <subfield code="b">BENT</subfield>
    <subfield code="p">5123248-1160</subfield>
    <subfield code="z">v.6:no.11(2008:Mar. 13)</subfield>
  </datafield>
  <datafield tag="955" ind1=" " ind2=" ">
    <subfield code="b">BENT</subfield>
    <subfield code="p">5123248-1170</subfield>
    <subfield code="z">v.6:no.12(2008:Mar. 20)</subfield>
  </datafield>
  <datafield tag="955" ind1=" " ind2=" ">
    <subfield code="b">BENT</subfield>
    <subfield code="p">5123248-1180</subfield>
    <subfield code="z">v.6:no.13(2008:Mar. 27)</subfield>
  </datafield>
  <datafield tag="955" ind1=" " ind2=" ">
    <subfield code="b">BENT</subfield>
    <subfield code="p">5123248-1190</subfield>
    <subfield code="z">v.6:no.14(2008:April 03)</subfield>
  </datafield>
  <datafield tag="955" ind1=" " ind2=" ">
    <subfield code="b">BENT</subfield>
    <subfield code="p">5123248-120</subfield>
    <subfield code="z">v.4:no.17(2006:April 27)</subfield>
  </datafield>
  <datafield tag="955" ind1=" " ind2=" ">
    <subfield code="b">BENT</subfield>
    <subfield code="p">5123248-1200</subfield>
    <subfield code="z">v.6:no.15(2008:April 10)</subfield>
  </datafield>
  <datafield tag="955" ind1=" " ind2=" ">
    <subfield code="b">BENT</subfield>
    <subfield code="p">5123248-1210</subfield>
    <subfield code="z">v.6:no.16(2008:April 17)</subfield>
  </datafield>
  <datafield tag="955" ind1=" " ind2=" ">
    <subfield code="b">BENT</subfield>
    <subfield code="p">5123248-1220</subfield>
    <subfield code="z">v.6:no.17(2008:April 24)</subfield>
  </datafield>
  <datafield tag="955" ind1=" " ind2=" ">
    <subfield code="b">BENT</subfield>
    <subfield code="p">5123248-1230</subfield>
    <subfield code="z">v.6:no.18(2008:May 01)</subfield>
  </datafield>
  <datafield tag="955" ind1=" " ind2=" ">
    <subfield code="b">BENT</subfield>
    <subfield code="p">5123248-1240</subfield>
    <subfield code="z">v.6:no.19(2008:May 08)</subfield>
  </datafield>
  <datafield tag="955" ind1=" " ind2=" ">
    <subfield code="b">BENT</subfield>
    <subfield code="p">5123248-1250</subfield>
    <subfield code="z">v.6:no.20(2008:May 15)</subfield>
  </datafield>
  <datafield tag="955" ind1=" " ind2=" ">
    <subfield code="b">BENT</subfield>
    <subfield code="p">5123248-1260</subfield>
    <subfield code="z">v.6:no.21(2008:May 22)</subfield>
  </datafield>
  <datafield tag="955" ind1=" " ind2=" ">
    <subfield code="b">BENT</subfield>
    <subfield code="p">5123248-1270</subfield>
    <subfield code="z">v.6:no.22(2008:May 29)</subfield>
  </datafield>
  <datafield tag="955" ind1=" " ind2=" ">
    <subfield code="b">BENT</subfield>
    <subfield code="p">5123248-1280</subfield>
    <subfield code="z">v.6:no.23(2008:Jun. 05)</subfield>
  </datafield>
  <datafield tag="955" ind1=" " ind2=" ">
    <subfield code="b">BENT</subfield>
    <subfield code="p">5123248-1290</subfield>
    <subfield code="z">v.6:no.24(2008:Jun. 12)</subfield>
  </datafield>
  <datafield tag="955" ind1=" " ind2=" ">
    <subfield code="b">BENT</subfield>
    <subfield code="p">5123248-130</subfield>
    <subfield code="z">v.4:no.18(2006:May 04)</subfield>
  </datafield>
  <datafield tag="955" ind1=" " ind2=" ">
    <subfield code="b">BENT</subfield>
    <subfield code="p">5123248-1300</subfield>
    <subfield code="z">v.6:no.25(2008:Jun. 19)</subfield>
  </datafield>
  <datafield tag="955" ind1=" " ind2=" ">
    <subfield code="b">BENT</subfield>
    <subfield code="p">5123248-1310</subfield>
    <subfield code="z">v.6:no.26(2008:Jun. 26)</subfield>
  </datafield>
  <datafield tag="955" ind1=" " ind2=" ">
    <subfield code="b">BENT</subfield>
    <subfield code="p">5123248-1320</subfield>
    <subfield code="z">v.6:no.27(2008:Jul. 03)</subfield>
  </datafield>
  <datafield tag="955" ind1=" " ind2=" ">
    <subfield code="b">BENT</subfield>
    <subfield code="p">5123248-1330</subfield>
    <subfield code="z">v.6:no.28(2008:Jul. 10)</subfield>
  </datafield>
  <datafield tag="955" ind1=" " ind2=" ">
    <subfield code="b">BENT</subfield>
    <subfield code="p">5123248-1340</subfield>
    <subfield code="z">v.6:no.29(2008:Jul. 17)</subfield>
  </datafield>
  <datafield tag="955" ind1=" " ind2=" ">
    <subfield code="b">BENT</subfield>
    <subfield code="p">5123248-1350</subfield>
    <subfield code="z">v.6:no.30(2008:Jul. 24)</subfield>
  </datafield>
  <datafield tag="955" ind1=" " ind2=" ">
    <subfield code="b">BENT</subfield>
    <subfield code="p">5123248-1360</subfield>
    <subfield code="z">v.6:no.31(2008:Jul. 31)</subfield>
  </datafield>
  <datafield tag="955" ind1=" " ind2=" ">
    <subfield code="b">BENT</subfield>
    <subfield code="p">5123248-1370</subfield>
    <subfield code="z">v.6:no.32(2008:Aug. 07)</subfield>
  </datafield>
  <datafield tag="955" ind1=" " ind2=" ">
    <subfield code="b">BENT</subfield>
    <subfield code="p">5123248-1380</subfield>
    <subfield code="z">v.6:no.33(2008:Aug. 14)</subfield>
  </datafield>
  <datafield tag="955" ind1=" " ind2=" ">
    <subfield code="b">BENT</subfield>
    <subfield code="p">5123248-1390</subfield>
    <subfield code="z">v.6:no.34(2008:Aug. 21)</subfield>
  </datafield>
  <datafield tag="955" ind1=" " ind2=" ">
    <subfield code="b">BENT</subfield>
    <subfield code="p">5123248-140</subfield>
    <subfield code="z">v.4:no.19(2006:May 11)</subfield>
  </datafield>
  <datafield tag="955" ind1=" " ind2=" ">
    <subfield code="b">BENT</subfield>
    <subfield code="p">5123248-1400</subfield>
    <subfield code="z">v.6:no.35(2008:Aug. 28)</subfield>
  </datafield>
  <datafield tag="955" ind1=" " ind2=" ">
    <subfield code="b">BENT</subfield>
    <subfield code="p">5123248-1410</subfield>
    <subfield code="z">v.6:no.36(2008:Sep. 04)</subfield>
  </datafield>
  <datafield tag="955" ind1=" " ind2=" ">
    <subfield code="b">BENT</subfield>
    <subfield code="p">5123248-1420</subfield>
    <subfield code="z">v.6:no.37(2008:Sep. 11)</subfield>
  </datafield>
  <datafield tag="955" ind1=" " ind2=" ">
    <subfield code="b">BENT</subfield>
    <subfield code="p">5123248-1430</subfield>
    <subfield code="z">v.6:no.38(2008:Sep. 18)</subfield>
  </datafield>
  <datafield tag="955" ind1=" " ind2=" ">
    <subfield code="b">BENT</subfield>
    <subfield code="p">5123248-1440</subfield>
    <subfield code="z">v.6:no.39(2008:Sep. 25)</subfield>
  </datafield>
  <datafield tag="955" ind1=" " ind2=" ">
    <subfield code="b">BENT</subfield>
    <subfield code="p">5123248-1450</subfield>
    <subfield code="z">v.6:no.40(2008:Oct. 02)</subfield>
  </datafield>
  <datafield tag="955" ind1=" " ind2=" ">
    <subfield code="b">BENT</subfield>
    <subfield code="p">5123248-1460</subfield>
    <subfield code="z">v.6:no.41(2008:Oct. 09)</subfield>
  </datafield>
  <datafield tag="955" ind1=" " ind2=" ">
    <subfield code="b">BENT</subfield>
    <subfield code="p">5123248-1470</subfield>
    <subfield code="z">v.6:no.42(2008:Oct. 16)</subfield>
  </datafield>
  <datafield tag="955" ind1=" " ind2=" ">
    <subfield code="b">BENT</subfield>
    <subfield code="p">5123248-1480</subfield>
    <subfield code="z">v.6:no.43(2008:Oct. 23)</subfield>
  </datafield>
  <datafield tag="955" ind1=" " ind2=" ">
    <subfield code="b">BENT</subfield>
    <subfield code="p">5123248-1490</subfield>
    <subfield code="z">v.6:no.44(2008:Oct. 30)</subfield>
  </datafield>
  <datafield tag="955" ind1=" " ind2=" ">
    <subfield code="b">BENT</subfield>
    <subfield code="p">5123248-150</subfield>
    <subfield code="z">v.4:no.20(2006:May 18)</subfield>
  </datafield>
  <datafield tag="955" ind1=" " ind2=" ">
    <subfield code="b">BENT</subfield>
    <subfield code="p">5123248-1500</subfield>
    <subfield code="z">v.6:no.45(2008:Nov. 06)</subfield>
  </datafield>
  <datafield tag="955" ind1=" " ind2=" ">
    <subfield code="b">BENT</subfield>
    <subfield code="p">5123248-1510</subfield>
    <subfield code="z">v.6:no.46(2008:Nov. 13)</subfield>
  </datafield>
  <datafield tag="955" ind1=" " ind2=" ">
    <subfield code="b">BENT</subfield>
    <subfield code="p">5123248-1520</subfield>
    <subfield code="z">v.6:no.47(2008:Nov. 20)</subfield>
  </datafield>
  <datafield tag="955" ind1=" " ind2=" ">
    <subfield code="b">BENT</subfield>
    <subfield code="p">5123248-1530</subfield>
    <subfield code="z">v.6:no.48(2008:Nov. 27)</subfield>
  </datafield>
  <datafield tag="955" ind1=" " ind2=" ">
    <subfield code="b">BENT</subfield>
    <subfield code="p">5123248-1540</subfield>
    <subfield code="z">v.6:no.49(2008:Dec. 04)</subfield>
  </datafield>
  <datafield tag="955" ind1=" " ind2=" ">
    <subfield code="b">BENT</subfield>
    <subfield code="p">5123248-1550</subfield>
    <subfield code="z">v.6:no.50(2008:Dec. 11)</subfield>
  </datafield>
  <datafield tag="955" ind1=" " ind2=" ">
    <subfield code="b">BENT</subfield>
    <subfield code="p">5123248-1560</subfield>
    <subfield code="z">v.6:no.51/52(2008:Dec. 18/31)</subfield>
  </datafield>
  <datafield tag="955" ind1=" " ind2=" ">
    <subfield code="b">BENT</subfield>
    <subfield code="p">5123248-1590</subfield>
    <subfield code="z">v.7:no.1(2009:Jan. 08)</subfield>
  </datafield>
  <datafield tag="955" ind1=" " ind2=" ">
    <subfield code="b">BENT</subfield>
    <subfield code="p">5123248-160</subfield>
    <subfield code="z">v.4:no.21(2006:May 25)</subfield>
  </datafield>
  <datafield tag="955" ind1=" " ind2=" ">
    <subfield code="b">BENT</subfield>
    <subfield code="p">5123248-1600</subfield>
    <subfield code="z">v.7:no.2(2009:Jan. 15)</subfield>
  </datafield>
  <datafield tag="955" ind1=" " ind2=" ">
    <subfield code="b">BENT</subfield>
    <subfield code="p">5123248-1610</subfield>
    <subfield code="z">v.7:no.3(2009:Jan. 22)</subfield>
  </datafield>
  <datafield tag="955" ind1=" " ind2=" ">
    <subfield code="b">BENT</subfield>
    <subfield code="p">5123248-1620</subfield>
    <subfield code="z">v.7:no.4(2009:Jan. 29)</subfield>
  </datafield>
  <datafield tag="955" ind1=" " ind2=" ">
    <subfield code="b">BENT</subfield>
    <subfield code="p">5123248-1630</subfield>
    <subfield code="z">v.7:no.5(2009:Feb. 05)</subfield>
  </datafield>
  <datafield tag="955" ind1=" " ind2=" ">
    <subfield code="b">BENT</subfield>
    <subfield code="p">5123248-1640</subfield>
    <subfield code="z">v.7:no.6(2009:Feb. 12)</subfield>
  </datafield>
  <datafield tag="955" ind1=" " ind2=" ">
    <subfield code="b">BENT</subfield>
    <subfield code="p">5123248-1650</subfield>
    <subfield code="z">v.7:no.7(2009:Feb. 12)</subfield>
  </datafield>
  <datafield tag="955" ind1=" " ind2=" ">
    <subfield code="b">BENT</subfield>
    <subfield code="p">5123248-1660</subfield>
    <subfield code="z">v.7:no.8(2009:Feb. 26)</subfield>
  </datafield>
  <datafield tag="955" ind1=" " ind2=" ">
    <subfield code="b">BENT</subfield>
    <subfield code="p">5123248-1670</subfield>
    <subfield code="z">v.7:no.9(2009:Feb. 26)</subfield>
  </datafield>
  <datafield tag="955" ind1=" " ind2=" ">
    <subfield code="b">BENT</subfield>
    <subfield code="p">5123248-1680</subfield>
    <subfield code="z">v.7:no.10(2009:Mar. 12)</subfield>
  </datafield>
  <datafield tag="955" ind1=" " ind2=" ">
    <subfield code="b">BENT</subfield>
    <subfield code="p">5123248-1690</subfield>
    <subfield code="z">v.7:no.9(2009:Mar. 12)</subfield>
  </datafield>
  <datafield tag="955" ind1=" " ind2=" ">
    <subfield code="b">BENT</subfield>
    <subfield code="p">5123248-170</subfield>
    <subfield code="z">v.4:no.22(2006:Jun. 01)</subfield>
  </datafield>
  <datafield tag="955" ind1=" " ind2=" ">
    <subfield code="b">BENT</subfield>
    <subfield code="p">5123248-1700</subfield>
    <subfield code="z">v.7:no.12(2009:Mar. 26)</subfield>
  </datafield>
  <datafield tag="955" ind1=" " ind2=" ">
    <subfield code="b">BENT</subfield>
    <subfield code="p">5123248-1710</subfield>
    <subfield code="z">v.7:no.13(2009:April 02)</subfield>
  </datafield>
  <datafield tag="955" ind1=" " ind2=" ">
    <subfield code="b">BENT</subfield>
    <subfield code="p">5123248-1720</subfield>
    <subfield code="z">v.7:no.14(2009:April 09)</subfield>
  </datafield>
  <datafield tag="955" ind1=" " ind2=" ">
    <subfield code="b">BENT</subfield>
    <subfield code="p">5123248-1730</subfield>
    <subfield code="z">v.7:no.15(2009:April 9)</subfield>
  </datafield>
  <datafield tag="955" ind1=" " ind2=" ">
    <subfield code="b">BENT</subfield>
    <subfield code="p">5123248-1740</subfield>
    <subfield code="z">v.7:no.16(2009:April 23)</subfield>
  </datafield>
  <datafield tag="955" ind1=" " ind2=" ">
    <subfield code="b">BENT</subfield>
    <subfield code="p">5123248-1750</subfield>
    <subfield code="z">v.7:no.17(2009:April 23)</subfield>
  </datafield>
  <datafield tag="955" ind1=" " ind2=" ">
    <subfield code="b">BENT</subfield>
    <subfield code="p">5123248-1760</subfield>
    <subfield code="z">v.7:no.18(2009:May 06)</subfield>
  </datafield>
  <datafield tag="955" ind1=" " ind2=" ">
    <subfield code="b">BENT</subfield>
    <subfield code="p">5123248-1770</subfield>
    <subfield code="z">v.7:no.19(2009:May 14)</subfield>
  </datafield>
  <datafield tag="955" ind1=" " ind2=" ">
    <subfield code="b">BENT</subfield>
    <subfield code="p">5123248-1780</subfield>
    <subfield code="z">v.7:no.20(2009:May 14)</subfield>
  </datafield>
  <datafield tag="955" ind1=" " ind2=" ">
    <subfield code="b">BENT</subfield>
    <subfield code="p">5123248-1790</subfield>
    <subfield code="z">v.7:no.21(2009:May 28)</subfield>
  </datafield>
  <datafield tag="955" ind1=" " ind2=" ">
    <subfield code="b">BENT</subfield>
    <subfield code="p">5123248-180</subfield>
    <subfield code="z">v.4:no.23(2006:Jun. 08)</subfield>
  </datafield>
  <datafield tag="955" ind1=" " ind2=" ">
    <subfield code="b">BENT</subfield>
    <subfield code="p">5123248-1800</subfield>
    <subfield code="z">v.7:no.22(2009:Jun. 04)</subfield>
  </datafield>
  <datafield tag="955" ind1=" " ind2=" ">
    <subfield code="b">BENT</subfield>
    <subfield code="p">5123248-1810</subfield>
    <subfield code="z">v.7:no.23(2009:Jun. 11)</subfield>
  </datafield>
  <datafield tag="955" ind1=" " ind2=" ">
    <subfield code="b">BENT</subfield>
    <subfield code="p">5123248-1820</subfield>
    <subfield code="z">v.7:no.24(2009:Jun. 11</subfield>
  </datafield>
  <datafield tag="955" ind1=" " ind2=" ">
    <subfield code="b">BENT</subfield>
    <subfield code="p">5123248-1830</subfield>
    <subfield code="z">v.7:no.25(2009:Jun. 18)</subfield>
  </datafield>
  <datafield tag="955" ind1=" " ind2=" ">
    <subfield code="b">BENT</subfield>
    <subfield code="p">5123248-1840</subfield>
    <subfield code="z">v.7:no.26(2009:Jul. 02)</subfield>
  </datafield>
  <datafield tag="955" ind1=" " ind2=" ">
    <subfield code="b">BENT</subfield>
    <subfield code="p">5123248-1850</subfield>
    <subfield code="z">v.7:no.27(2009:Jul. 09)</subfield>
  </datafield>
  <datafield tag="955" ind1=" " ind2=" ">
    <subfield code="b">BENT</subfield>
    <subfield code="p">5123248-1860</subfield>
    <subfield code="z">v.7:no.28(2009:Jul. 16)</subfield>
  </datafield>
  <datafield tag="955" ind1=" " ind2=" ">
    <subfield code="b">BENT</subfield>
    <subfield code="p">5123248-1870</subfield>
    <subfield code="z">v.7:no.29(2009:Jul. 23)</subfield>
  </datafield>
  <datafield tag="955" ind1=" " ind2=" ">
    <subfield code="b">BENT</subfield>
    <subfield code="p">5123248-1880</subfield>
    <subfield code="z">v.7:no.30(2009:Jul. 30)</subfield>
  </datafield>
  <datafield tag="955" ind1=" " ind2=" ">
    <subfield code="b">BENT</subfield>
    <subfield code="p">5123248-1890</subfield>
    <subfield code="z">v.7:no.31(2009:Aug. 06)</subfield>
  </datafield>
  <datafield tag="955" ind1=" " ind2=" ">
    <subfield code="b">BENT</subfield>
    <subfield code="p">5123248-190</subfield>
    <subfield code="z">v.4:no.24(2006:Jun. 15)</subfield>
  </datafield>
  <datafield tag="955" ind1=" " ind2=" ">
    <subfield code="b">BENT</subfield>
    <subfield code="p">5123248-1900</subfield>
    <subfield code="z">v.7:no.32(2009:Aug. 13)</subfield>
  </datafield>
  <datafield tag="955" ind1=" " ind2=" ">
    <subfield code="b">BENT</subfield>
    <subfield code="p">5123248-1910</subfield>
    <subfield code="z">v.7:no.33(2009:Aug. 20)</subfield>
  </datafield>
  <datafield tag="955" ind1=" " ind2=" ">
    <subfield code="b">BENT</subfield>
    <subfield code="p">5123248-1920</subfield>
    <subfield code="z">v.7:no.34(2009:Aug. 27)</subfield>
  </datafield>
  <datafield tag="955" ind1=" " ind2=" ">
    <subfield code="b">BENT</subfield>
    <subfield code="p">5123248-1930</subfield>
    <subfield code="z">v.7:no.35(2009:Sep. 03)</subfield>
  </datafield>
  <datafield tag="955" ind1=" " ind2=" ">
    <subfield code="b">BENT</subfield>
    <subfield code="p">5123248-1940</subfield>
    <subfield code="z">v.7:no.36(2009:Sep. 10)</subfield>
  </datafield>
  <datafield tag="955" ind1=" " ind2=" ">
    <subfield code="b">BENT</subfield>
    <subfield code="p">5123248-1950</subfield>
    <subfield code="z">v.7:no.37(2009:Sep. 17)</subfield>
  </datafield>
  <datafield tag="955" ind1=" " ind2=" ">
    <subfield code="b">BENT</subfield>
    <subfield code="p">5123248-1960</subfield>
    <subfield code="z">v.7:no.38(2009:Sep. 24)</subfield>
  </datafield>
  <datafield tag="955" ind1=" " ind2=" ">
    <subfield code="b">BENT</subfield>
    <subfield code="p">5123248-1970</subfield>
    <subfield code="z">v.7:no.39(2009:Oct. 01)</subfield>
  </datafield>
  <datafield tag="955" ind1=" " ind2=" ">
    <subfield code="b">BENT</subfield>
    <subfield code="p">5123248-1980</subfield>
    <subfield code="z">v.7:no.40(2009:Oct. 08)</subfield>
  </datafield>
  <datafield tag="955" ind1=" " ind2=" ">
    <subfield code="b">BENT</subfield>
    <subfield code="p">5123248-1990</subfield>
    <subfield code="z">v.7:no.41(2009:Oct. 15)</subfield>
  </datafield>
  <datafield tag="955" ind1=" " ind2=" ">
    <subfield code="b">BENT</subfield>
    <subfield code="p">5123248-20</subfield>
    <subfield code="z">v.4:no.7(2006:Feb. 16)</subfield>
  </datafield>
  <datafield tag="955" ind1=" " ind2=" ">
    <subfield code="b">BENT</subfield>
    <subfield code="p">5123248-200</subfield>
    <subfield code="z">v.4:no.25(2006:Jun. 22)</subfield>
  </datafield>
  <datafield tag="955" ind1=" " ind2=" ">
    <subfield code="b">BENT</subfield>
    <subfield code="p">5123248-2000</subfield>
    <subfield code="z">v.7:no.42(2009:Oct. 22)</subfield>
  </datafield>
  <datafield tag="955" ind1=" " ind2=" ">
    <subfield code="b">BENT</subfield>
    <subfield code="p">5123248-2010</subfield>
    <subfield code="z">v.7:no.43(2009:Oct. 29)</subfield>
  </datafield>
  <datafield tag="955" ind1=" " ind2=" ">
    <subfield code="b">BENT</subfield>
    <subfield code="p">5123248-2020</subfield>
    <subfield code="z">v.7:no.44(2009:Nov. 05)</subfield>
  </datafield>
  <datafield tag="955" ind1=" " ind2=" ">
    <subfield code="b">BENT</subfield>
    <subfield code="p">5123248-2030</subfield>
    <subfield code="z">v.7:no.45(2009:Nov. 12)</subfield>
  </datafield>
  <datafield tag="955" ind1=" " ind2=" ">
    <subfield code="b">BENT</subfield>
    <subfield code="p">5123248-2040</subfield>
    <subfield code="z">v.7:no.46(2009:Nov. 19)</subfield>
  </datafield>
  <datafield tag="955" ind1=" " ind2=" ">
    <subfield code="b">BENT</subfield>
    <subfield code="p">5123248-2050</subfield>
    <subfield code="z">v.7:no.47(2009:Nov. 26)</subfield>
  </datafield>
  <datafield tag="955" ind1=" " ind2=" ">
    <subfield code="b">BENT</subfield>
    <subfield code="p">5123248-2060</subfield>
    <subfield code="z">v.7:no.48(2009:Dec. 03)</subfield>
  </datafield>
  <datafield tag="955" ind1=" " ind2=" ">
    <subfield code="b">BENT</subfield>
    <subfield code="p">5123248-2070</subfield>
    <subfield code="z">v.7:no.49(2009:Dec. 10)</subfield>
  </datafield>
  <datafield tag="955" ind1=" " ind2=" ">
    <subfield code="b">BENT</subfield>
    <subfield code="p">5123248-2080</subfield>
    <subfield code="z">v.7:no.50(2009:Dec. 17)</subfield>
  </datafield>
  <datafield tag="955" ind1=" " ind2=" ">
    <subfield code="b">BENT</subfield>
    <subfield code="p">5123248-2090</subfield>
    <subfield code="z">v.7:no.51(2009:Dec. 24)</subfield>
  </datafield>
  <datafield tag="955" ind1=" " ind2=" ">
    <subfield code="b">BENT</subfield>
    <subfield code="p">5123248-210</subfield>
    <subfield code="z">v.4:no.26(2006:Jun. 29)</subfield>
  </datafield>
  <datafield tag="955" ind1=" " ind2=" ">
    <subfield code="b">BENT</subfield>
    <subfield code="p">5123248-2100</subfield>
    <subfield code="z">v.7:no.52(2009:Dec. 31)</subfield>
  </datafield>
  <datafield tag="955" ind1=" " ind2=" ">
    <subfield code="b">BENT</subfield>
    <subfield code="p">5123248-220</subfield>
    <subfield code="z">v.4:no.27(2006:Jul. 06)</subfield>
  </datafield>
  <datafield tag="955" ind1=" " ind2=" ">
    <subfield code="b">BENT</subfield>
    <subfield code="p">5123248-230</subfield>
    <subfield code="z">v.4:no.28(2006:Jul. 13)</subfield>
  </datafield>
  <datafield tag="955" ind1=" " ind2=" ">
    <subfield code="b">BENT</subfield>
    <subfield code="p">5123248-240</subfield>
    <subfield code="z">v.4:no.29(2006:Jul. 20)</subfield>
  </datafield>
  <datafield tag="955" ind1=" " ind2=" ">
    <subfield code="b">BENT</subfield>
    <subfield code="p">5123248-250</subfield>
    <subfield code="z">v.4:no.30(2006:Jul. 27)</subfield>
  </datafield>
  <datafield tag="955" ind1=" " ind2=" ">
    <subfield code="b">BENT</subfield>
    <subfield code="p">5123248-260</subfield>
    <subfield code="z">v.4:no.31(2006:Aug. 03)</subfield>
  </datafield>
  <datafield tag="955" ind1=" " ind2=" ">
    <subfield code="b">BENT</subfield>
    <subfield code="p">5123248-270</subfield>
    <subfield code="z">v.4:no.32(2006:Aug. 10)</subfield>
  </datafield>
  <datafield tag="955" ind1=" " ind2=" ">
    <subfield code="b">BENT</subfield>
    <subfield code="p">5123248-280</subfield>
    <subfield code="z">v.4:no.33(2006:Aug. 17)</subfield>
  </datafield>
  <datafield tag="955" ind1=" " ind2=" ">
    <subfield code="b">BENT</subfield>
    <subfield code="p">5123248-290</subfield>
    <subfield code="z">v.4:no.34(2006:Aug. 24)</subfield>
  </datafield>
  <datafield tag="955" ind1=" " ind2=" ">
    <subfield code="b">BENT</subfield>
    <subfield code="p">5123248-30</subfield>
    <subfield code="z">v.4:no.8(2006:Feb. 23)</subfield>
  </datafield>
  <datafield tag="955" ind1=" " ind2=" ">
    <subfield code="b">BENT</subfield>
    <subfield code="p">5123248-300</subfield>
    <subfield code="z">v.4:no.35(2006:Aug. 31)</subfield>
  </datafield>
  <datafield tag="955" ind1=" " ind2=" ">
    <subfield code="b">BENT</subfield>
    <subfield code="p">5123248-310</subfield>
    <subfield code="z">v.4:no.36(2006:Sep. 07)</subfield>
  </datafield>
  <datafield tag="955" ind1=" " ind2=" ">
    <subfield code="b">BENT</subfield>
    <subfield code="p">5123248-320</subfield>
    <subfield code="z">v.4:no.37(2006:Sep. 14)</subfield>
  </datafield>
  <datafield tag="955" ind1=" " ind2=" ">
    <subfield code="b">BENT</subfield>
    <subfield code="p">5123248-330</subfield>
    <subfield code="z">v.4:no.38(2006:Sep. 21)</subfield>
  </datafield>
  <datafield tag="955" ind1=" " ind2=" ">
    <subfield code="b">BENT</subfield>
    <subfield code="p">5123248-340</subfield>
    <subfield code="z">v.4:no.39(2006:Sep. 28)</subfield>
  </datafield>
  <datafield tag="955" ind1=" " ind2=" ">
    <subfield code="b">BENT</subfield>
    <subfield code="p">5123248-350</subfield>
    <subfield code="z">v.4:no.40(2006:Oct. 05)</subfield>
  </datafield>
  <datafield tag="955" ind1=" " ind2=" ">
    <subfield code="b">BENT</subfield>
    <subfield code="p">5123248-360</subfield>
    <subfield code="z">v.4:no.41(2006:Oct. 12)</subfield>
  </datafield>
  <datafield tag="955" ind1=" " ind2=" ">
    <subfield code="b">BENT</subfield>
    <subfield code="p">5123248-370</subfield>
    <subfield code="z">v.4:no.42(2006:Oct. 19)</subfield>
  </datafield>
  <datafield tag="955" ind1=" " ind2=" ">
    <subfield code="b">BENT</subfield>
    <subfield code="p">5123248-380</subfield>
    <subfield code="z">v.4:no.43(2006:Oct. 26)</subfield>
  </datafield>
  <datafield tag="955" ind1=" " ind2=" ">
    <subfield code="b">BENT</subfield>
    <subfield code="p">5123248-390</subfield>
    <subfield code="z">v.4:no.44(2006:Nov. 02)</subfield>
  </datafield>
  <datafield tag="955" ind1=" " ind2=" ">
    <subfield code="b">BENT</subfield>
    <subfield code="p">5123248-40</subfield>
    <subfield code="z">v.4:no.9(2006:Mar. 02)</subfield>
  </datafield>
  <datafield tag="955" ind1=" " ind2=" ">
    <subfield code="b">BENT</subfield>
    <subfield code="p">5123248-400</subfield>
    <subfield code="z">v.4:no.45(2006:Nov. 09)</subfield>
  </datafield>
  <datafield tag="955" ind1=" " ind2=" ">
    <subfield code="b">BENT</subfield>
    <subfield code="p">5123248-410</subfield>
    <subfield code="z">v.4:no.46(2006:Nov. 16)</subfield>
  </datafield>
  <datafield tag="955" ind1=" " ind2=" ">
    <subfield code="b">BENT</subfield>
    <subfield code="p">5123248-420</subfield>
    <subfield code="z">v.4:no.47(2006:Nov. 23)</subfield>
  </datafield>
  <datafield tag="955" ind1=" " ind2=" ">
    <subfield code="b">BENT</subfield>
    <subfield code="p">5123248-430</subfield>
    <subfield code="z">v.4:no.48(2006:Nov. 30)</subfield>
  </datafield>
  <datafield tag="955" ind1=" " ind2=" ">
    <subfield code="b">BENT</subfield>
    <subfield code="p">5123248-440</subfield>
    <subfield code="z">v.4:no.49(2006:Dec. 07)</subfield>
  </datafield>
  <datafield tag="955" ind1=" " ind2=" ">
    <subfield code="b">BENT</subfield>
    <subfield code="p">5123248-450</subfield>
    <subfield code="z">v.4:no.50(2006:Dec. 14)</subfield>
  </datafield>
  <datafield tag="955" ind1=" " ind2=" ">
    <subfield code="b">BENT</subfield>
    <subfield code="p">5123248-460</subfield>
    <subfield code="z">v.4:no.51(2006:Dec. 21)</subfield>
  </datafield>
  <datafield tag="955" ind1=" " ind2=" ">
    <subfield code="b">BENT</subfield>
    <subfield code="p">5123248-470</subfield>
    <subfield code="z">v.4:no.52(2006:Dec. 28)</subfield>
  </datafield>
  <datafield tag="955" ind1=" " ind2=" ">
    <subfield code="b">BENT</subfield>
    <subfield code="p">5123248-480</subfield>
    <subfield code="z">v.4:no.53(2007:Jan. 04)</subfield>
  </datafield>
  <datafield tag="955" ind1=" " ind2=" ">
    <subfield code="b">BENT</subfield>
    <subfield code="p">5123248-490</subfield>
    <subfield code="z">v.4:no.54(2007:Jan. 11)</subfield>
  </datafield>
  <datafield tag="955" ind1=" " ind2=" ">
    <subfield code="b">BENT</subfield>
    <subfield code="p">5123248-50</subfield>
    <subfield code="z">v.4:no.10(2006:Mar. 09)</subfield>
  </datafield>
  <datafield tag="955" ind1=" " ind2=" ">
    <subfield code="b">BENT</subfield>
    <subfield code="p">5123248-500</subfield>
    <subfield code="z">v.4:no.55(2007:Jan. 18)</subfield>
  </datafield>
  <datafield tag="955" ind1=" " ind2=" ">
    <subfield code="b">BENT</subfield>
    <subfield code="p">5123248-510</subfield>
    <subfield code="z">v.4:no.56(2007:Jan. 25)</subfield>
  </datafield>
  <datafield tag="955" ind1=" " ind2=" ">
    <subfield code="b">BENT</subfield>
    <subfield code="p">5123248-520</subfield>
    <subfield code="z">v.4:no.57(2007:Feb. 01)</subfield>
  </datafield>
  <datafield tag="955" ind1=" " ind2=" ">
    <subfield code="b">BENT</subfield>
    <subfield code="p">5123248-530</subfield>
    <subfield code="z">v.5:no.25(2007:Jun. 21)</subfield>
  </datafield>
  <datafield tag="955" ind1=" " ind2=" ">
    <subfield code="b">BENT</subfield>
    <subfield code="p">5123248-540</subfield>
    <subfield code="z">v.5:no.26(2007:Jun. 28)</subfield>
  </datafield>
  <datafield tag="955" ind1=" " ind2=" ">
    <subfield code="b">BENT</subfield>
    <subfield code="p">5123248-550</subfield>
    <subfield code="z">v.5:no.27(2007:Jul. 05)</subfield>
  </datafield>
  <datafield tag="955" ind1=" " ind2=" ">
    <subfield code="b">BENT</subfield>
    <subfield code="p">5123248-560</subfield>
    <subfield code="z">v.5:no.28(2007:Jul. 12)</subfield>
  </datafield>
  <datafield tag="955" ind1=" " ind2=" ">
    <subfield code="b">BENT</subfield>
    <subfield code="p">5123248-570</subfield>
    <subfield code="z">v.5:no.29(2007:Jul. 19)</subfield>
  </datafield>
  <datafield tag="955" ind1=" " ind2=" ">
    <subfield code="b">BENT</subfield>
    <subfield code="p">5123248-580</subfield>
    <subfield code="z">v.5:no.30(2007:Jul. 26)</subfield>
  </datafield>
  <datafield tag="955" ind1=" " ind2=" ">
    <subfield code="b">BENT</subfield>
    <subfield code="p">5123248-590</subfield>
    <subfield code="z">v.5:no.31(2007:Aug. 02)</subfield>
  </datafield>
  <datafield tag="955" ind1=" " ind2=" ">
    <subfield code="b">BENT</subfield>
    <subfield code="p">5123248-60</subfield>
    <subfield code="z">v.4:no.11(2006:Mar. 16)</subfield>
  </datafield>
  <datafield tag="955" ind1=" " ind2=" ">
    <subfield code="b">BENT</subfield>
    <subfield code="p">5123248-600</subfield>
    <subfield code="z">v.5:no.32(2007:Aug. 09)</subfield>
  </datafield>
  <datafield tag="955" ind1=" " ind2=" ">
    <subfield code="b">BENT</subfield>
    <subfield code="p">5123248-610</subfield>
    <subfield code="z">v.5:no.33(2007:Aug. 16)</subfield>
  </datafield>
  <datafield tag="955" ind1=" " ind2=" ">
    <subfield code="b">BENT</subfield>
    <subfield code="p">5123248-620</subfield>
    <subfield code="z">v.5:no.34(2007:Aug. 23)</subfield>
  </datafield>
  <datafield tag="955" ind1=" " ind2=" ">
    <subfield code="b">BENT</subfield>
    <subfield code="p">5123248-630</subfield>
    <subfield code="z">v.5:no.35(2007:Aug. 30)</subfield>
  </datafield>
  <datafield tag="955" ind1=" " ind2=" ">
    <subfield code="b">BENT</subfield>
    <subfield code="p">5123248-640</subfield>
    <subfield code="z">v.5:no.36(2007:Sep. 06)</subfield>
  </datafield>
  <datafield tag="955" ind1=" " ind2=" ">
    <subfield code="b">BENT</subfield>
    <subfield code="p">5123248-650</subfield>
    <subfield code="z">v.5:no.37(2007:Sep. 13)</subfield>
  </datafield>
  <datafield tag="955" ind1=" " ind2=" ">
    <subfield code="b">BENT</subfield>
    <subfield code="p">5123248-660</subfield>
    <subfield code="z">v.5:no.38(2007:Sep. 20)</subfield>
  </datafield>
  <datafield tag="955" ind1=" " ind2=" ">
    <subfield code="b">BENT</subfield>
    <subfield code="p">5123248-670</subfield>
    <subfield code="z">v.5:no.39(2007:Sep. 27)</subfield>
  </datafield>
  <datafield tag="955" ind1=" " ind2=" ">
    <subfield code="b">BENT</subfield>
    <subfield code="p">5123248-680</subfield>
    <subfield code="z">v.5:no.40(2007:Oct. 04)</subfield>
  </datafield>
  <datafield tag="955" ind1=" " ind2=" ">
    <subfield code="b">BENT</subfield>
    <subfield code="p">5123248-690</subfield>
    <subfield code="z">v.5:no.41(2007:Oct. 11)</subfield>
  </datafield>
  <datafield tag="955" ind1=" " ind2=" ">
    <subfield code="b">BENT</subfield>
    <subfield code="p">5123248-70</subfield>
    <subfield code="z">v.4:no.12(2006:Mar. 23)</subfield>
  </datafield>
  <datafield tag="955" ind1=" " ind2=" ">
    <subfield code="b">BENT</subfield>
    <subfield code="p">5123248-700</subfield>
    <subfield code="z">v.5:no.42(2007:Oct. 18)</subfield>
  </datafield>
  <datafield tag="955" ind1=" " ind2=" ">
    <subfield code="b">BENT</subfield>
    <subfield code="p">5123248-710</subfield>
    <subfield code="z">v.5:no.43(2007:Oct. 25)</subfield>
  </datafield>
  <datafield tag="955" ind1=" " ind2=" ">
    <subfield code="b">BENT</subfield>
    <subfield code="p">5123248-720</subfield>
    <subfield code="z">v.5:no.44(2007:Nov. 01)</subfield>
  </datafield>
  <datafield tag="955" ind1=" " ind2=" ">
    <subfield code="b">BENT</subfield>
    <subfield code="p">5123248-730</subfield>
    <subfield code="z">v.5:no.45(2007:Nov. 08)</subfield>
  </datafield>
  <datafield tag="955" ind1=" " ind2=" ">
    <subfield code="b">BENT</subfield>
    <subfield code="p">5123248-740</subfield>
    <subfield code="z">v.5:no.46(2007:Nov. 15)</subfield>
  </datafield>
  <datafield tag="955" ind1=" " ind2=" ">
    <subfield code="b">BENT</subfield>
    <subfield code="p">5123248-750</subfield>
    <subfield code="z">v.5:no.47(2007:Nov. 22)</subfield>
  </datafield>
  <datafield tag="955" ind1=" " ind2=" ">
    <subfield code="b">BENT</subfield>
    <subfield code="p">5123248-760</subfield>
    <subfield code="z">v.5:no.48(2007:Nov. 29)</subfield>
  </datafield>
  <datafield tag="955" ind1=" " ind2=" ">
    <subfield code="b">BENT</subfield>
    <subfield code="p">5123248-770</subfield>
    <subfield code="z">v.5:no.49(2007:Dec. 06)</subfield>
  </datafield>
  <datafield tag="955" ind1=" " ind2=" ">
    <subfield code="b">BENT</subfield>
    <subfield code="p">5123248-780</subfield>
    <subfield code="z">v.5:no.50(2007:Dec. 13)</subfield>
  </datafield>
  <datafield tag="955" ind1=" " ind2=" ">
    <subfield code="b">BENT</subfield>
    <subfield code="p">5123248-790</subfield>
    <subfield code="z">v.5:no.51(2007:Dec. 20)</subfield>
  </datafield>
  <datafield tag="955" ind1=" " ind2=" ">
    <subfield code="b">BENT</subfield>
    <subfield code="p">5123248-80</subfield>
    <subfield code="z">v.4:no.13(2006:Mar. 30)</subfield>
  </datafield>
  <datafield tag="955" ind1=" " ind2=" ">
    <subfield code="b">BENT</subfield>
    <subfield code="p">5123248-800</subfield>
    <subfield code="z">v.5:no.52(2007:Dec. 27)</subfield>
  </datafield>
  <datafield tag="955" ind1=" " ind2=" ">
    <subfield code="b">BENT</subfield>
    <subfield code="p">5123248-810</subfield>
    <subfield code="z">v.5:no.53(2008:Jan. 03)</subfield>
  </datafield>
  <datafield tag="955" ind1=" " ind2=" ">
    <subfield code="b">BENT</subfield>
    <subfield code="p">5123248-90</subfield>
    <subfield code="z">v.4:no.14(2006:April 06)</subfield>
  </datafield>
  <datafield tag="955" ind1=" " ind2=" ">
    <subfield code="b">BENT</subfield>
    <subfield code="p">B3014779</subfield>
    <subfield code="z">v.5:no.24(2007:Jun. 14)</subfield>
  </datafield>
  <datafield tag="955" ind1=" " ind2=" ">
    <subfield code="b">BENT</subfield>
    <subfield code="p">B3082431</subfield>
    <subfield code="z">v.5:no.41(2007:Oct. 11)</subfield>
  </datafield>
</record>
